@article{duke_montag_2017, 
    title={{Smartphone addiction, daily interruptions and self-reported productivity}}, 
    volume={6}, 
    DOI={10.1016/j.abrep.2017.07.002}, 
    number={6}, 
    journal={Addictive Behaviors Reports}, 
    author={Duke, {\'E}ilish and Montag, Christian}, 
    year={2017}, 
    month={Dec}, 
    pages={90–95} 
}

@article{oulasvirta_rattenbury_ma_raita_2011, 
    title={{Habits make smartphone use more pervasive}}, 
    volume={16}, 
    url={https://dl.acm.org/citation.cfm?id=2124486}, 
    DOI={10.1007/s00779-011-0412-2}, 
    number={1}, 
    journal={Personal and Ubiquitous Computing}, 
    author={Oulasvirta, Antti and Rattenbury, Tye and Ma, Lingyi and Raita, Eeva},
    year={2011}, 
    month={Jun}, 
    pages={105–114} 
}

@article{csikszentmihalyi_lefevre_1989,
    title={{Optimal experience in work and leisure}},
    volume={56},
    DOI={10.1037/0022-3514.56.5.815},
    number={5},
    journal={Journal of Personality and Social Psychology}, author={Csikszentmihalyi, Mihaly and LeFevre, Judith},
    year={1989},
    pages={815–822}
}

@article{bakker_2005, 
    title={{Flow among music teachers and their students: The crossover of peak experiences}},
    volume={66}, DOI={10.1016/j.jvb.2003.11.001},
    number={1}, journal={Journal of Vocational Behavior},
    author={Bakker, Arnold B.},
    year={2005},
    month={Feb},
    pages={26–44}
}

@article{bakker_2008, 
    title={{The work-related flow inventory: Construction and initial validation of the WOLF}}, 
    volume={72}, 
    url={https://www.sciencedirect.com/science/article/pii/S0001879107001236}, DOI={10.1016/j.jvb.2007.11.007}, 
    number={3}, 
    journal={Journal of Vocational Behavior}, 
    author={Bakker, Arnold B.}, 
    year={2008}, 
    month={Jun}, pages={400–414} 
}

@inproceedings{kushlev_proulx_dunn_2016, 
    title={{“Silence Your Phones”}}, 
    ISBN={9781450333627}, 
    DOI={10.1145/2858036.2858359}, booktitle={Proceedings of the 2016 CHI Conference on Human Factors in Computing Systems - CHI ’16},
    author={Kushlev, Kostadin and Proulx, Jason and Dunn, Elizabeth W.}, 
    year={2016},
    pages={1011-1020}
}

@article{robson_plangger_kietzmann_mccarthy_pitt_2015, 
    title={{Is It All a Game? Understanding the Principles of Gamification}}, 
    volume={58}, 
    url={}, 
    DOI={10.1016/j.bushor.2015.03.006}, 
    number={4}, 
    journal={Business Horizons}, 
    author={Robson, Karen and Plangger, Kirk and Kietzmann, Jan H. and McCarthy, Ian and Pitt, Leyland}, 
    year={2015}, 
    month={Jul}, 
    pages={411–420}
}

@book{duhigg_2014, 
    place={New York}, 
    title="{Power of Habit: Why we do what we do in life and business}",
    ISBN={9780812981605}, 
    publisher={Random House Trade Paperbacks}, 
    author={Duhigg, Charles}, 
    year={2014} 
}

@book{cirillo_2018,
    place={London},
    title={{The Pomodoro Technique: The Life-Changing Time-Management System}}, ISBN={9780753548387}, 
    publisher={Virigin Books}, 
    author={Cirillo, Francesco}, 
    year={2018}
}

@book{csikszentmihalyi_1990,
    place={New York},
    title={{Flow: The Psychology of Optimal Experience}},
    ISBN={9780061339202},
    publisher={Harper [And] Row},
    author={Mihaly Csikszentmihalyi},
    year={1990}
}

@online{biber,
  author={Biber},
  organization={Biber},
  year={2021},
  title={Strahlenschutzhalter für Smartphones},
  url={https://www.biber.de/artikel/1/353198/strahlenschutzhalter-fuer-smartphones/},
  month={feb},
  lastaccessed={February 8, 2021},
}

@online{amazon_01,
  author={Amazon},
  organization={iDiskk},
  year={2021},
  title={Mobile Phone Timer Box},
  url={https://www.amazon.de/-/en/gp/product/B08HZ4LYHM},
  month={feb},
  lastaccessed={February 8, 2021},
}

@online{amazon_02,
  author={Amazon},
  organization={Jilijia},
  year={2021},
  title={Mobile Phone Prison},
  url={https://www.amazon.de/dp/B08LZK2W1R/},
  month={feb},
  lastaccessed={February 9, 2021},
}